@inproceedings{Bodker:2006,
 author = {B{\o}dker, Susanne},
 title = {When Second Wave HCI Meets Third Wave Challenges},
 booktitle = {Proceedings of the 4th Nordic Conference on Human-computer Interaction: Changing Roles},
 series = {NordiCHI '06},
 year = {2006},
 location = {Oslo, Norway},
 pages = {1--8},
 numpages = {8},
 publisher = {ACM},
 address = {New York, NY, USA},
 keywords = {boundaries, context, experience, multiplicity, participation},
}

@article{Bodker:2015,
	author = {B{\o}dker, Susanne},
	title = {Third-wave HCI, 10 Years Later---participation and Sharing},
	journal = {interactions},
	issue_date = {September-October 2015},
	volume = {22},
	number = {5},
	month = aug,
	year = {2015},
	pages = {24--31},
	numpages = {8},
	address = {New York, NY, USA},
}