@article{NOVAIS20131860,
title = "Software evolution visualization: A systematic mapping study",
journal = "Information and Software Technology",
volume = "55",
number = "11",
pages = "1860 - 1883",
year = "2013",
issn = "0950-5849",
doi = "https://doi.org/10.1016/j.infsof.2013.05.008",
url = "http://www.sciencedirect.com/science/article/pii/S0950584913001298",
author = "Renato Lima Novais and André Torres and Thiago Souto Mendes and Manoel Mendonça and Nico Zazworka",
keywords = "Systematic mapping study, Software visualization, Software evolution"
}